@Book{xie2015,
  title = {Dynamic Documents with {R} and knitr},
  author = {Yihui Xie},
  publisher = {Chapman and Hall/CRC},
  address = {Boca Raton, Florida},
  year = {2015},
  edition = {2nd},
  note = {ISBN 978-1498716963},
  url = {http://yihui.name/knitr/},
}

@article{Lowndes:jm,
author = {Lowndes, Julia S Stewart and Best, Benjamin D and Scarborough, Courtney and Afflerbach, Jamie C and Frazier, Melanie R and O{\textquoteright}Hara, Casey C and Jiang, Ning and Halpern, Benjamin S},
title = {{Our path to better science in less time using open data science tools JA -}}
}

