@Manual{R-base,
  title = {R: A Language and Environment for Statistical Computing},
  author = {{R Core Team}},
  organization = {R Foundation for Statistical Computing},
  address = {Vienna, Austria},
  year = {2017},
  url = {https://www.R-project.org/},
}
@Manual{R-bindrcpp,
  title = {bindrcpp: An 'Rcpp' Interface to Active Bindings},
  author = {Kirill Müller},
  year = {2017},
  note = {R package version 0.2},
  url = {https://CRAN.R-project.org/package=bindrcpp},
}
@Manual{R-bookdown,
  title = {bookdown: Authoring Books and Technical Documents with R Markdown},
  author = {Yihui Xie},
  year = {2017},
  note = {R package version 0.4},
  url = {https://CRAN.R-project.org/package=bookdown},
}
@Manual{R-broom,
  title = {broom: Convert Statistical Analysis Objects into Tidy Data Frames},
  author = {David Robinson},
  year = {2017},
  note = {R package version 0.4.2},
  url = {https://CRAN.R-project.org/package=broom},
}
@Manual{R-devtools,
  title = {devtools: Tools to Make Developing R Packages Easier},
  author = {Hadley Wickham and Winston Chang},
  year = {2017},
  note = {R package version 1.13.2},
  url = {https://CRAN.R-project.org/package=devtools},
}
@Manual{R-dplyr,
  title = {dplyr: A Grammar of Data Manipulation},
  author = {Hadley Wickham and Romain Francois and Lionel Henry and Kirill Müller},
  year = {2017},
  note = {R package version 0.7.0},
  url = {https://CRAN.R-project.org/package=dplyr},
}
@Manual{R-ggplot2,
  title = {ggplot2: Create Elegant Data Visualisations Using the Grammar of Graphics},
  author = {Hadley Wickham and Winston Chang},
  year = {2016},
  note = {R package version 2.2.1},
  url = {https://CRAN.R-project.org/package=ggplot2},
}
@Manual{R-knitr,
  title = {knitr: A General-Purpose Package for Dynamic Report Generation in R},
  author = {Yihui Xie},
  year = {2017},
  note = {R package version 1.16},
  url = {https://CRAN.R-project.org/package=knitr},
}
@Manual{R-lubridate,
  title = {lubridate: Make Dealing with Dates a Little Easier},
  author = {Garrett Grolemund and Vitalie Spinu and Hadley Wickham},
  year = {2016},
  note = {R package version 1.6.0},
  url = {https://CRAN.R-project.org/package=lubridate},
}
@Manual{R-nycflights13,
  title = {nycflights13: Flights that Departed NYC in 2013},
  author = {Hadley Wickham},
  year = {2017},
  note = {R package version 0.2.2},
  url = {https://CRAN.R-project.org/package=nycflights13},
}
@Manual{R-purrr,
  title = {purrr: Functional Programming Tools},
  author = {Lionel Henry and Hadley Wickham},
  year = {2017},
  note = {R package version 0.2.2.2},
  url = {https://CRAN.R-project.org/package=purrr},
}
@Manual{R-readr,
  title = {readr: Read Rectangular Text Data},
  author = {Hadley Wickham and Jim Hester and Romain Francois},
  year = {2017},
  note = {R package version 1.1.1},
  url = {https://CRAN.R-project.org/package=readr},
}
@Manual{R-rmarkdown,
  title = {rmarkdown: Dynamic Documents for R},
  author = {JJ Allaire and Joe Cheng and Yihui Xie and Jonathan McPherson and Winston Chang and Jeff Allen and Hadley Wickham and Aron Atkins and Rob Hyndman and Ruben Arslan},
  year = {2017},
  note = {R package version 1.6},
  url = {https://CRAN.R-project.org/package=rmarkdown},
}
@Manual{R-tibble,
  title = {tibble: Simple Data Frames},
  author = {Kirill Müller and Hadley Wickham},
  year = {2017},
  note = {R package version 1.3.3},
  url = {https://CRAN.R-project.org/package=tibble},
}
@Manual{R-tidyr,
  title = {tidyr: Easily Tidy Data with 'spread()' and 'gather()' Functions},
  author = {Hadley Wickham},
  year = {2017},
  note = {R package version 0.6.3},
  url = {https://CRAN.R-project.org/package=tidyr},
}
@Manual{R-tidyverse,
  title = {tidyverse: Easily Install and Load 'Tidyverse' Packages},
  author = {Hadley Wickham},
  year = {2017},
  note = {R package version 1.1.1},
  url = {https://CRAN.R-project.org/package=tidyverse},
}
